@article{diffstam,
author = {Jos Stam},
 title = {Diffraction Shaders},
 month = {August},
 year = {1999},
 journal = {SIGGRPAH 99 Conference Proceedings}
 }

@article{diffourp,
author = {D. S. Dhillon, et al.},
 title = {Interactive Diffraction from Biological Nanostructures},
 month = {January},
 year = {2014},
 journal = {XYZ}
 }
 
@book{fundcg,
  author = {P. Shirley, S. Marschner},
  title = {Fundamentals of Computer Graphics},
  publisher = {A K Peters, Ltd},
  year = {2009},
  edition = {3rd edition},
  isbn = {978-1-56881-469-8}
}

@book{tipler,
  author = {Paul A. Tipler, Gene Mosca},
  title = {Physik f√ºr Wissenschaftler und Ingenieure},
  publisher = {Spektrum Verlag},
  year = {2009},
  edition = {6th edition},
  isbn = {978-3-8274-1945-3}
}

@book{openglbible,
  author = {R. Wright, et al.},
  title = {OpenGL SuperBible},
  publisher = {Addison-Wesley},
  year = {2011},
  edition = {5th edition},
  isbn = {978-0-32-171261-5}
}

@article{cpugems,
author = {Juan Guardado, NVIDIA},
 title = {Simulating Diffraction},
 year = {2004},
 journal = {GPU Gems},
 url = {https://developer.nvidia.com/content/gpu-gems-chapter-8-simulating-diffraction}
 }

@book{ana3,
  author = {Otto Forster},
  title = {Analysis 3},
  publisher = {VIEWEG+TEUBNER},
  year = {2011},
  edition = {6th edition},
  isbn = {978-3-8348-1232-2}
}

@book{fosa,
  author = {Hans-Jochen Bartsch},
  title = {Taschenbuch Mathematischer Formeln},
  publisher = {HASNER},
  year = {2007},
  edition = {21th edition},
  isbn = {978-3-8348-1232-2}
}




